<record><leader>00000cas a22000007a 4500</leader><controlfield tag="001">21217376</controlfield><controlfield tag="008">900315d18791uuupauwr ne      0    0eng d</controlfield><datafield ind1=" " ind2=" " tag="010"><subfield code="a">sn 90069174 </subfield></datafield><datafield ind1=" " ind2=" " tag="040"><subfield code="a">NPH</subfield><subfield code="b">eng</subfield><subfield code="c">NPH</subfield><subfield code="d">OCLCQ</subfield></datafield><datafield ind1=" " ind2=" " tag="042"><subfield code="a">msc</subfield></datafield><datafield ind1="0" ind2="0" tag="245"><subfield code="a">Cumberland Valley record.</subfield></datafield><datafield ind1="1" ind2="3" tag="246"><subfield code="a">Valley record</subfield></datafield><datafield ind1=" " ind2=" " tag="260"><subfield code="a">Mechanicsburg, Pa. :</subfield><subfield code="b">Bittenbender &amp; Jenkins,</subfield><subfield code="c">1879-</subfield></datafield><datafield ind1=" " ind2=" " tag="310"><subfield code="a">Weekly</subfield></datafield><datafield ind1="0" ind2=" " tag="362"><subfield code="a">Ledger, v. 2, no. 21 (Feb. 14, 1879)- = Valley record, v. 1, no. 1-</subfield></datafield><datafield ind1=" " ind2=" " tag="752"><subfield code="a">United States</subfield><subfield code="b">Pennsylvania</subfield><subfield code="c">Cumberland</subfield><subfield code="d">Mechanicsburg.</subfield></datafield></record>